<record><leader>00000cas a2200000 a 4500</leader><controlfield tag="001">10579512</controlfield><controlfield tag="008">840330d18751880nbuwr ne      0    0eng d</controlfield><datafield ind1=" " ind2=" " tag="010"><subfield code="a">sn 84022809 </subfield></datafield><datafield ind1=" " ind2=" " tag="040"><subfield code="a">NPX</subfield><subfield code="b">eng</subfield><subfield code="c">NPX</subfield><subfield code="d">NVG</subfield><subfield code="d">OCL</subfield><subfield code="d">OCLCQ</subfield><subfield code="d">OCLCF</subfield><subfield code="d">OCLCO</subfield></datafield><datafield ind1="1" ind2=" " tag="029"><subfield code="a">AU@</subfield><subfield code="b">000020632579</subfield></datafield><datafield ind1=" " ind2=" " tag="042"><subfield code="a">msc</subfield></datafield><datafield ind1=" " ind2=" " tag="043"><subfield code="a">n-us-nb</subfield></datafield><datafield ind1="0" ind2="4" tag="245"><subfield code="a">The Clay County globe.</subfield></datafield><datafield ind1="3" ind2=" " tag="246"><subfield code="a">Clay Co. globe</subfield><subfield code="f">&lt;1877-1880&gt;</subfield></datafield><datafield ind1=" " ind2=" " tag="260"><subfield code="a">Sutton, Neb. :</subfield><subfield code="b">E.H. White</subfield></datafield><datafield ind1=" " ind2=" " tag="300"><subfield code="a">v.</subfield></datafield><datafield ind1=" " ind2=" " tag="310"><subfield code="a">Weekly</subfield></datafield><datafield ind1=" " ind2=" " tag="321"><subfield code="a">Semiweekly,</subfield><subfield code="b">1875</subfield></datafield><datafield ind1="1" ind2=" " tag="362"><subfield code="a">Began with July 14, 1875 issue; ceased in 1880.</subfield></datafield><datafield ind1=" " ind2=" " tag="588"><subfield code="a">Description based on: Vol. 2, no. 1 (June 23, 1876).</subfield></datafield><datafield ind1=" " ind2="0" tag="651"><subfield code="a">Sutton (Neb.)</subfield><subfield code="v">Newspapers.</subfield></datafield><datafield ind1=" " ind2="0" tag="651"><subfield code="a">Clay County (Neb.)</subfield><subfield code="v">Newspapers.</subfield></datafield><datafield ind1=" " ind2="7" tag="655"><subfield code="a">Newspapers.</subfield><subfield code="2">fast</subfield><subfield code="0">(OCoLC)fst01423814</subfield></datafield><datafield ind1=" " ind2="7" tag="651"><subfield code="a">Nebraska</subfield><subfield code="z">Clay County.</subfield><subfield code="2">fast</subfield><subfield code="0">(OCoLC)fst01215873</subfield></datafield><datafield ind1=" " ind2="7" tag="651"><subfield code="a">Nebraska</subfield><subfield code="z">Sutton.</subfield><subfield code="2">fast</subfield><subfield code="0">(OCoLC)fst01254862</subfield></datafield><datafield ind1=" " ind2=" " tag="752"><subfield code="a">United States</subfield><subfield code="b">Nebraska</subfield><subfield code="c">Clay</subfield><subfield code="d">Sutton.</subfield></datafield><datafield ind1="0" ind2="4" tag="785"><subfield code="t">Sutton register</subfield></datafield></record>